@book{epstein2007introduction,
  title={Introduction to the mathematics of medical imaging},
  author={Epstein, Charles L},
  year={2007},
  publisher={SIAM}
}
@book{stein2009real,
  title={Real analysis: measure theory, integration, and Hilbert spaces},
  author={Stein, Elias M and Shakarchi, Rami},
  year={2009},
  publisher={Princeton University Press}
}

@book{folland1999real,
  title={Real analysis: modern techniques and their applications},
  author={Folland, Gerald B},
  volume={40},
  year={1999},
  publisher={John Wiley \& Sons}
}